
@article{kumar2007bankruptcy,
  title={Bankruptcy prediction in banks and firms via statistical and intelligent techniques--A review},
  author={Kumar, P Ravi and Ravi, Vadlamani},
  journal={European journal of operational research},
  volume={180},
  number={1},
  pages={1--28},
  year={2007},
  publisher={Elsevier}
}

@article{olson2012comparative,
  title={Comparative analysis of data mining methods for bankruptcy prediction},
  author={Olson, David L and Delen, Dursun and Meng, Yanyan},
  journal={Decision Support Systems},
  volume={52},
  number={2},
  pages={464--473},
  year={2012},
  publisher={Elsevier}
}


@article{shi2019overview,
  title={An overview of bankruptcy prediction models for corporate firms: A systematic literature review},
  author={Shi, Yin and Li, Xiaoni},
  journal={Intangible Capital},
  volume={15},
  number={2},
  pages={114--127},
  year={2019},
  publisher={OmniaScience}
}