@misc{misc_taiwanese_bankruptcy_prediction_572,
  title        = {{Taiwanese Bankruptcy Prediction}},
  year         = {2020},
  howpublished = {UCI Machine Learning Repository},
  note         = {{DOI}: https://doi.org/10.24432/C5004D}
}

@article{chawla2002smote,
  title={SMOTE: synthetic minority over-sampling technique},
  author={Chawla, Nitesh V and Bowyer, Kevin W and Hall, Lawrence O and Kegelmeyer, W Philip},
  journal={Journal of artificial intelligence research},
  volume={16},
  pages={321--357},
  year={2002}
}

@inproceedings{japkowicz2000learning,
  title={Learning from imbalanced data sets: a comparison of various strategies},
  author={Japkowicz, Nathalie and others},
  booktitle={AAAI workshop on learning from imbalanced data sets},
  volume={68},
  pages={10--15},
  year={2000},
  organization={Citeseer}
}

@article{he2009learning,
  title={Learning from imbalanced data},
  author={He, Haibo and Garcia, Edwardo A},
  journal={IEEE Transactions on knowledge and data engineering},
  volume={21},
  number={9},
  pages={1263--1284},
  year={2009},
  publisher={Ieee}
}

@inproceedings{holte1989concept,
  title={Concept Learning and the Problem of Small Disjuncts.},
  author={Holte, Robert C and Acker, Liane and Porter, Bruce W and others},
  booktitle={IJCAI},
  volume={89},
  pages={813--818},
  year={1989}
}

@article{mease2007boosted,
  title={Boosted classification trees and class probability/quantile estimation.},
  author={Mease, David and Wyner, Abraham J and Buja, Andreas},
  journal={Journal of Machine Learning Research},
  volume={8},
  number={3},
  year={2007}
}

@article{blagus2013smote,
  title={SMOTE for high-dimensional class-imbalanced data},
  author={Blagus, Rok and Lusa, Lara},
  journal={BMC bioinformatics},
  volume={14},
  pages={1--16},
  year={2013},
  publisher={Springer}
}

@inproceedings{ho1995random,
  title={Random decision forests},
  author={Ho, Tin Kam},
  booktitle={Proceedings of 3rd international conference on document analysis and recognition},
  volume={1},
  pages={278--282},
  year={1995},
  organization={IEEE}
}


